<record><leader>00000cas a22000007a 4500</leader><controlfield tag="001">11407933</controlfield><controlfield tag="008">841120d1886188uohuwr ne      0    0eng d</controlfield><datafield ind1=" " ind2=" " tag="010"><subfield code="a">sn 84028768 </subfield></datafield><datafield ind1=" " ind2=" " tag="040"><subfield code="a">NPY</subfield><subfield code="b">eng</subfield><subfield code="c">NPY</subfield><subfield code="d">OCL</subfield><subfield code="d">OCLCG</subfield><subfield code="d">OCLCQ</subfield></datafield><datafield ind1="0" ind2="0" tag="245"><subfield code="a">East End signal and vanity fair.</subfield></datafield><datafield ind1="1" ind2="3" tag="246"><subfield code="a">East End signal</subfield></datafield><datafield ind1=" " ind2=" " tag="260"><subfield code="a">Cleveland [Ohio] :</subfield><subfield code="b">A.L. Shumway,</subfield><subfield code="c">1886-</subfield></datafield><datafield ind1=" " ind2=" " tag="300"><subfield code="a">v. :</subfield><subfield code="b">ill. ;</subfield><subfield code="c">54 cm.</subfield></datafield><datafield ind1=" " ind2=" " tag="310"><subfield code="a">Weekly</subfield></datafield><datafield ind1="0" ind2=" " tag="362"><subfield code="a">Vol. 3, no. 9 (Feb. 27, 1886)-</subfield></datafield><datafield ind1=" " ind2=" " tag="500"><subfield code="a">"Society, literature, music, education, art and the drama."</subfield></datafield><datafield ind1=" " ind2=" " tag="500"><subfield code="a">"Devoted to the East End and the suburban villages, Collamer, Glenville, Euclid, Collinwood, Nottingham, etc."</subfield></datafield><datafield ind1="1" ind2=" " tag="700"><subfield code="a">Shumway, A. L.</subfield><subfield code="q">(Arthur L.)</subfield></datafield><datafield ind1=" " ind2=" " tag="752"><subfield code="a">United States</subfield><subfield code="b">Ohio</subfield><subfield code="c">Cuyahoga</subfield><subfield code="d">Cleveland.</subfield></datafield><datafield ind1="0" ind2="4" tag="780"><subfield code="t">East End signal (Cleveland, Ohio : 1884)</subfield><subfield code="w">(DLC)sn 84028767</subfield></datafield><datafield ind1="0" ind2="4" tag="780"><subfield code="t">Vanity fair (Cleveland, Ohio)</subfield></datafield><datafield ind1="0" ind2="0" tag="785"><subfield code="t">East End signal (Cleveland, Ohio : 1895)</subfield><subfield code="w">(DLC)sn 83035075</subfield></datafield></record>